%YAML 1.1
%TAG !u! tag:unity3d.com,2011:
--- !u!243 &-9002284570619535307
AudioMixerGroupController:
  m_ObjectHideFlags: 0
  m_CorrespondingSourceObject: {fileID: 0}
  m_PrefabInstance: {fileID: 0}
  m_PrefabAsset: {fileID: 0}
  m_Name: Back
  m_AudioMixer: {fileID: 24100000}
  m_GroupID: c86caeef9398a4e4796ee9f1c2c40171
  m_Children: []
  m_Volume: 7a4de459d2821544e85c40de42f9aaf8
  m_Pitch: fecd3aadc9f8e0744b4bd75f80b3d0f0
  m_Send: 00000000000000000000000000000000
  m_Effects:
  - {fileID: 2485744072712827594}
  m_UserColorIndex: 3
  m_Mute: 0
  m_Solo: 0
  m_BypassEffects: 0
--- !u!243 &-7102811064870444498
AudioMixerGroupController:
  m_ObjectHideFlags: 0
  m_CorrespondingSourceObject: {fileID: 0}
  m_PrefabInstance: {fileID: 0}
  m_PrefabAsset: {fileID: 0}
  m_Name: Cuban
  m_AudioMixer: {fileID: 24100000}
  m_GroupID: 58c817b2e764cf149b348dddcf68fb7e
  m_Children: []
  m_Volume: 4bd6efee10c017348afcfadf07095865
  m_Pitch: cd11a4c30402d2e45a6237e441613c88
  m_Send: 00000000000000000000000000000000
  m_Effects:
  - {fileID: 6778178278518817401}
  m_UserColorIndex: 3
  m_Mute: 0
  m_Solo: 0
  m_BypassEffects: 0
--- !u!243 &-6522415468578332598
AudioMixerGroupController:
  m_ObjectHideFlags: 0
  m_CorrespondingSourceObject: {fileID: 0}
  m_PrefabInstance: {fileID: 0}
  m_PrefabAsset: {fileID: 0}
  m_Name: Battle
  m_AudioMixer: {fileID: 24100000}
  m_GroupID: e6ec47d1bd62d674b98121eb2daef544
  m_Children: []
  m_Volume: b38305eb55220a04fb8d861f79d447af
  m_Pitch: 6f6d838c6d7f6564e917c9fb74f35746
  m_Send: 00000000000000000000000000000000
  m_Effects:
  - {fileID: 356928477419829694}
  m_UserColorIndex: 3
  m_Mute: 0
  m_Solo: 0
  m_BypassEffects: 0
--- !u!241 &24100000
AudioMixerController:
  m_ObjectHideFlags: 0
  m_CorrespondingSourceObject: {fileID: 0}
  m_PrefabInstance: {fileID: 0}
  m_PrefabAsset: {fileID: 0}
  m_Name: Music
  m_OutputGroup: {fileID: 0}
  m_MasterGroup: {fileID: 24300002}
  m_Snapshots:
  - {fileID: 24500006}
  m_StartSnapshot: {fileID: 24500006}
  m_SuspendThreshold: -80
  m_EnableSuspend: 1
  m_UpdateMode: 0
  m_ExposedParameters: []
  m_AudioMixerGroupViews:
  - guids:
    - ea778946718cd794a97cbcc5fe4d856c
    - 58c817b2e764cf149b348dddcf68fb7e
    - e6ec47d1bd62d674b98121eb2daef544
    - c86caeef9398a4e4796ee9f1c2c40171
    name: View
  m_CurrentViewIndex: 0
  m_TargetSnapshot: {fileID: 24500006}
--- !u!243 &24300002
AudioMixerGroupController:
  m_ObjectHideFlags: 0
  m_CorrespondingSourceObject: {fileID: 0}
  m_PrefabInstance: {fileID: 0}
  m_PrefabAsset: {fileID: 0}
  m_Name: Master
  m_AudioMixer: {fileID: 24100000}
  m_GroupID: ea778946718cd794a97cbcc5fe4d856c
  m_Children:
  - {fileID: -9002284570619535307}
  - {fileID: -6522415468578332598}
  - {fileID: -7102811064870444498}
  m_Volume: 80b851dca7deed246aca75aaa22fe5a1
  m_Pitch: c7cfd41b12df1974f82f37cd5e995910
  m_Send: 00000000000000000000000000000000
  m_Effects:
  - {fileID: 24400004}
  m_UserColorIndex: 0
  m_Mute: 0
  m_Solo: 0
  m_BypassEffects: 0
--- !u!244 &24400004
AudioMixerEffectController:
  m_ObjectHideFlags: 3
  m_CorrespondingSourceObject: {fileID: 0}
  m_PrefabInstance: {fileID: 0}
  m_PrefabAsset: {fileID: 0}
  m_Name: 
  m_EffectID: 812fc3d6c96725f4eb22af0fd92a8a76
  m_EffectName: Attenuation
  m_MixLevel: 6aebfe0a47b48c64e86079762da485e3
  m_Parameters: []
  m_SendTarget: {fileID: 0}
  m_EnableWetMix: 0
  m_Bypass: 0
--- !u!245 &24500006
AudioMixerSnapshotController:
  m_ObjectHideFlags: 0
  m_CorrespondingSourceObject: {fileID: 0}
  m_PrefabInstance: {fileID: 0}
  m_PrefabAsset: {fileID: 0}
  m_Name: Snapshot
  m_AudioMixer: {fileID: 24100000}
  m_SnapshotID: ee2156271b9b1ed4a8211dca56ac1a13
  m_FloatValues:
    7a4de459d2821544e85c40de42f9aaf8: -0.7045173
    b38305eb55220a04fb8d861f79d447af: 0.13552584
    4bd6efee10c017348afcfadf07095865: -0.10231404
  m_TransitionOverrides: {}
--- !u!244 &356928477419829694
AudioMixerEffectController:
  m_ObjectHideFlags: 3
  m_CorrespondingSourceObject: {fileID: 0}
  m_PrefabInstance: {fileID: 0}
  m_PrefabAsset: {fileID: 0}
  m_Name: 
  m_EffectID: 90a920e71cd363b4dbacf7c798313d4d
  m_EffectName: Attenuation
  m_MixLevel: 9f0d0f3ba9efdf14b97181ab7b5b9748
  m_Parameters: []
  m_SendTarget: {fileID: 0}
  m_EnableWetMix: 0
  m_Bypass: 0
--- !u!244 &2485744072712827594
AudioMixerEffectController:
  m_ObjectHideFlags: 3
  m_CorrespondingSourceObject: {fileID: 0}
  m_PrefabInstance: {fileID: 0}
  m_PrefabAsset: {fileID: 0}
  m_Name: 
  m_EffectID: f351421a5797f064c8e0993cb59568bb
  m_EffectName: Attenuation
  m_MixLevel: 7a31483c4cab1d8409d3c5a95c17a442
  m_Parameters: []
  m_SendTarget: {fileID: 0}
  m_EnableWetMix: 0
  m_Bypass: 0
--- !u!244 &6778178278518817401
AudioMixerEffectController:
  m_ObjectHideFlags: 3
  m_CorrespondingSourceObject: {fileID: 0}
  m_PrefabInstance: {fileID: 0}
  m_PrefabAsset: {fileID: 0}
  m_Name: 
  m_EffectID: ed79784efbeb79245a4f94d589bc4437
  m_EffectName: Attenuation
  m_MixLevel: 54970afce8e5dc1428d97339d101ab2b
  m_Parameters: []
  m_SendTarget: {fileID: 0}
  m_EnableWetMix: 0
  m_Bypass: 0
